@article{selsam2018learning,
  title={Learning a SAT Solver from Single-Bit Supervision},
  author={Selsam, Daniel and Lamm, Matthew and Bunz, Benedikt and Liang, Percy and de Moura, Leonardo and Dill, David L},
  journal={arXiv preprint arXiv:1802.03685},
  year={2018}
}

@TECHREPORT{or-tools-user-manual,
  author = {Nikolaj van Omme and Laurent Perron and Vincent Furnon},
  title = {or-tools user's manual},
  institution = {Google},
  year = {2014}
}